3300 5159
590 534 1119 617 nnnnrnrruw
1227 540 1325 607 xxv

331 716 478 801 paucos,
511 708 557 770 ut
571 690 741 784 Bidamas,
771 721 870 803 quos
895 712 934 781 et
951 693 1327 799 Eupatoriopsrr'sarrnm

331 813 389 891 Vn
399 814 512 889 lLL.
529 826 617 888 tum
633 809 676 885 V
670 808 835 919 erbeſsnae,
844 830 929 891 tunr
936 813 1071 890 Bidenri
1084 804 1327 919 convenient,

325 945 588 1037 etutrunrque
599 952 721 1033 genus
744 931 999 1040 coniungens,
1027 926 1200 1034 poffidet.
1289 944 1304 961 ‘

398 1160 488 1242 Cur
506 1185 602 1241 vero
618 1161 836 1247 consultum
851 1188 929 1253 non
948 1154 991 1241 fit
1013 1186 1153 1267 genera
1176 1179 1326 1245 contra-

314 1272 424 1379 ·here,
463 1301 569 1387 quae
592 1275 729 1362 limites
750 1278 877 1362 nullos
901 1299 1028 1370 certos
1049 1273 1212 1383 habent,
1247 1280 1326 1385 ipsa
1358 1364 1362 1369 ,

322 1392 467 1495 viderit!
504 1399 589 1499 Ego
605 1423 696 1487 pero
712 1417 866 1503 putem,
891 1423 983 1477 cum
998 1423 1047 1485 cx
1062 1399 1255 1505 principiis
1268 1396 1326 1479 se·

323 1507 493 1600 xualiunr,
512 1536 539 1614 ,·
562 1538 698 1623 genera
719 1513 814 1595 haee
845 1518 934 1616 tria,
962 1514 1106 1607 Bidens,
1137 1514 1324 1623 Verbestna,

327 1627 487 1735 Crrropſss
519 1627 665 1731 limites¹
680 1655 758 1719 non
780 1627 970 1732 habeant,
1005 1650 1093 1711 turn
1114 1657 1163 1711 ex
1187 1630 1324 1711 iisdenr

329 1745 589 1851 coniungenda
604 1745 696 1849 effe,
715 1767 811 1839 tum
824 1751 862 1827 vi
885 1753 1039 1837 canonis
1057 1773 1132 1853 173·
1162 1752 1233 1850 „Si
1254 1772 1324 1857 no·

322 1878 382 1962 ,tr
399 1866 545 1966 generi
563 1859 752 1967 fingularis
778 1870 896 1949 etianr
917 1868 957 1953 in
977 1890 1118 1972 genere
1139 1863 1244 1945 affini
1266 1892 1325 1945 re·

318 1981 543 2082 „periatur,
572 2005 620 2067 ne
635 1979 875 2088 idenrgenus
890 1985 930 2068 in
946 1979 1069 2086 plura,
1084 2005 1202 2090 quarn
1213 2000 1324 2069 natu-

319 2120 385 2195 „ra
413 2090 569 2199 distat,
613 2100 825 2204 separetur,
860 2097 1118 2200 cavendurn.„
1182 2101 1325 2207 Vtique
1436 2154 1440 2161 -

319 2208 550 2301 contrahere
573 2220 701 2321 potuit
723 2219 763 2295 in
792 2219 913 2319 Myrti
925 2211 1069 2323 suzygii
1096 2212 1251 2319 apetali,
1286 2232 1325 2293 et

320 2327 438 2431 Myrti
453 2327 656 2438 brastlianar
669 2330 874 2437 petalodiS,
902 2327 1118 2438 speciebuS,
1147 2334 1188 2411 in
1209 2327 1325 2421 Cleo·-

321 2448 385 2527 mis
405 2444 891 2558 Tetradynamr'aeſsliquosae,
921 2442 1094 2555 Clepmis
1117 2448 1326 2555 gynwzdrne,

325 2558 494 2652 Cleornis
512 2564 736 2666 polyandrae,
773 2564 945 2655 Cleomis
969 2563 1175 2659 texandriae,
1209 2561 1324 2647 Cleo*

324 2682 385 2757 mis
418 2676 647 2769 dodacandrae
676 2703 715 2774 et
751 2679 941 2789 irosandrae
970 2678 1195 2788 speciebus,
1232 2701 1270 2761 et
1288 2678 1324 2785 ¹sr

322 2795 476 2886 credant
507 2797 676 2891 sexuales
709 2820 773 2889 aut
794 2794 1031 2905 ‘Phlosophi
1057 2796 1253 2903 botanici,
1282 2797 1326 2887 il,-

321 2905 372 2989 los
406 2910 608 2998 stultitiam
644 2919 844 3023 sapientiae
880 2913 971 3003 loco
1008 2939 1218 3024 quaerere,
1257 2920 1325 3025 qui

324 3023 467 3109 habitui
482 3029 710 3134 ,plantarum
732 3034 831 3116 adeo
859 3031 1082 3132 adhaerent,
1112 3049 1154 3110 ut
1177 3035 1249 3111 rite
1271 3032 1326 3113 as·

328 3143 472 3250 surnpta
488 3144 792 3240 srusiificationis
817 3152 1000 3255 principia
1018 3145 1230 3254 negligant,
1259 3177 1325 3229 ex·

331 3260 452 3368 emplo
468 3265 641 3366 Bidenris,
657 3266 751 3376 quid
767 3263 864 3347 bene
887 3267 925 3347 se
947 3266 1172 3349 consecutos
1189 3285 1325 3371 putant

326 3377 502 3485 exemplo
517 3383 675 3484 Cleornr's,
693 3383 788 3472 duna
803 3381 917 3472 huius
940 3385 1099 3498 generis²
1111 3382 1240 3489 stirpes
1254 3372 1324 3489 per
1345 3476 1351 3491 ι

325 3519 456 3577 ornnes
473 3493 554 3597 sere
571 3498 780 3589 sexualiurn
795 3495 985 3587 tradusias
1001 3496 1127 3585 claffes
1152 3519 1191 3588 et
1214 3504 1324 3610 quin-

326 3640 425 3723 que,
455 3609 584 3694 finon
616 3617 681 3707 ,serr¹
702 3613 794 3725 'adiu
822 3611 1103 3718 inscribendam,
1138 3613 1324 3706 insolam
1430 3623 1432 3627 ’

326 3757 413 3810 rar
426 3758 666 3811 nnnrnnu
682 3761 770 3816 ran
792 3729 1026 3843 filiquosarn,
1056 3727 1231 3837 depositis
1244 3724 1325 3824 fru-

324 3841 561 3933 siificationis
579 3844 680 3940 rethe
696 3846 888 3967 assumptis
902 3851 1113 3957 principiis,
1135 3845 1238 3939 nulla¹
1254 3845 1324 3939 alia

324 3990 437 4073 quarn
452 3962 570 4055 i'olius
586 3962 735 4055 habitus
752 3962 937 4072 compulsi
959 3971 1124 4067 ratione,
1154 3963 1323 4070 cogunt?

323 4106 367 4161 an
383 4080 546 4178 demum
563 4107 642 4193 nnn
660 4081 759 4173 clare
775 4083 1020 4190 perspicient,
1049 4078 1223 4186 habitum
1237 4108 1323 4174 eam

322 4200 360 4282 in
380 4195 657 4306 vegetabilibus
678 4201 870 4397 surnrnapr
895 4203 976 4289 vim
1003 4195 1097 4301 effe,
1125 4198 1325 4309 quaespe-

882 4342 906 4422 5
1247 4339 1324 4405 cres
