3300 5159
312 549 331 632 ]
371 500 527 633 xlrxvr
642 553 1103 636 nanniano.
1202 529 1213 546 '

271 781 273 786 ·
388 739 541 829 natura,
569 746 724 806 externa
745 743 872 804 tamen
895 720 992 806 facie
1015 721 1210 814 fimillima
1223 721 1315 826 else,
1347 741 1388 804 et

394 850 481 931 inde
497 842 671 925 habitum
685 867 755 921 nos
770 838 947 920 facillime
963 840 1139 946 decipere
1160 839 1305 943 valere,
1334 859 1390 920 et-

398 971 475 1045 iam
490 959 605 1060 mihi,
628 958 746 1059 hanc,
773 947 934 1036 levitatis
949 956 1078 1035 iudicii
1094 976 1133 1034 et
1148 953 1311 1061 negledli
1325 983 1391 1036 ex-

250 1075 274 1128 ·’
400 1082 532 1161 aminis
552 1080 745 1180 potiorem
768 1070 867 1173 elie,
911 1099 1027 1179 quam
1048 1069 1197 1152 habitus
1226 1070 1393 1178 culpam,

401 1192 561 1276 concedi
576 1188 699 1277 debet.
750 1194 796 1266 Et
811 1198 913 1266 nunc
928 1213 1045 1297 quam
1060 1186 1146 1268 alias
1162 1193 1277 1268 etiam
1294 1186 1394 1269 mul·
1407 1202 1413 1226 ¹
1428 1246 1430 1256 .

353 1315 356 1332 “
402 1332 445 1392 to
474 1305 647 1408 facilior,
683 1302 780 1383 hanc
817 1302 1038 1408 originalem
1072 1302 1223 1386 habitus
1252 1312 1395 1410 potius,

394 1447 519 1538 'quam
536 1422 666 1501 iudicii
679 1418 805 1499 labem
821 1418 913 1521 elle,
942 1421 1048 1528 quod
1062 1439 1190 1501 tamen
1205 1447 1252 1499 ne
1267 1420 1396 1525 postu·
1413 1426 1418 1430 ’

401 1542 470 1623 lari
485 1539 660 1650 quidem,
689 1541 812 1615 minus
829 1536 953 1614 adhuc
969 1541 1088 1616 evinci
1102 1537 1243 1641 potest,
1267 1533 1397 1615 amba·

402 1656 474 1739 bus
490 1655 623 1759 largiar
638 1649 831 1753 manibus,
859 1676 938 1729 non
960 1649 1083 1732 hilum
1104 1650 1397 1753 iridetexuales,

405 1778 471 1883 qui
487 1788 618 1850 contra
633 1765 808 1846 habitum
827 1786 1016 1871 pugnant,
1043 1768 1259 1874 proficiunt.
1318 1772 1397 1846 Ha·
1421 1861 1426 1874 ,

300 1933 304 1946 ·
403 1888 505 1970 bitus
520 1889 622 1964 enim
637 1880 700 1962 ctfi
717 1884 863 1962 summa
877 1889 1044 1988 potentia
1059 1881 1122 1986 fit,
1147 1911 1190 1964 ea
1204 1910 1282 1963 non
1297 1882 1395 1963 adeo

341 2050 346 2064 ι
404 2028 497 2109 vaga
513 2018 576 2082 aut
592 1997 703 2077 exlex
718 1999 826 2078 statui
841 2001 983 2103 potest,
1013 2019 1055 2080 ut
1077 1998 1169 2081 nulli
1181 2004 1245 2079 'rei
1273 1997 1397 2077 obno-

405 2124 466 2198 xia
481 2115 542 2218 fir,
578 2112 692 2194 habet
715 2133 752 2194 et
775 2116 878 2225 luas,
907 2112 1044 2224 quibus
1066 2134 1218 2221 regatur
1245 2112 1398 2195 habitus

401 2232 524 2339 leges,
540 2233 601 2311 sua
616 2226 749 2332 habet,
772 2224 907 2339 quibus
922 2232 1170 2311 confirmetur
1184 2230 1398 2337 privilegiai

289 2339 299 2396 7
405 2368 443 2430 ct
459 2348 571 2428 huius
588 2346 743 2455 quidem
758 2350 811 2424 rei
827 2373 1059 2456 quamquam
1080 2347 1242 2451 plurima
1263 2345 1305 2426 fit
1327 2374 1397 2453 per
1417 2449 1419 2459 Ι

332 2529 336 2536 .
405 2463 528 2544 clalles
543 2461 728 2542 naturales
749 2458 946 2567 probarim
974 2463 1022 2543 de
1036 2462 1122 2545 solis
1147 2490 1398 2544 vuastin-

408 2610 489 2659 τις
524 2579 710 2658 adducam
732 2571 1013 2681 argumentum.
1071 2581 1229 2683 Spirneae
1250 2577 1396 2659 multae

403 2698 564 2803 specieS,
593 2691 813 2774 umbracula
842 2693 1002 2795 habent,
1038 2723 1134 2804 quae
1162 2715 1289 2775 tamen
1312 2722 1398 2774 um-

402 2808 592 2893 belliferae
608 2836 685 2888 non
698 2828 902 2910 vocentur,
931 2809 1046 2889 habet
1067 2830 1105 2889 et
1129 2806 1399 2892 umbraculum

278 2999 281 3005 .
309 2960 312 2965 ·
404 2931 551 3019 Coram,
578 2929 654 3031 ipla
669 2944 795 3005 tamen
818 2930 915 3004 inter
936 2924 1155 3008 umbellatas
1170 2954 1248 3007 non
1263 2954 1399 3006 nurne-

403 3061 518 3154 ratur.
582 3042 750 3121 Solandra
777 3039 981 3123 umbellata
1010 3043 1166 3154 quidem
1194 3048 1292 3123 inter
1314 3068 1401 3123 mo-

403 3160 554 3237 noccias
569 3156 683 3236 relata
704 3159 775 3246 elis
802 3158 934 3261 Setina,
950 3160 1160 3267 LaserpitiQ
1176 3157 1400 3241 umbracula

393 3270 544 3354 ‘habent
566 3291 605 3351 et
627 3268 862 3352 umbellifera
883 3276 992 3377 sunt,
1038 3304 1129 3355 cum
1156 3281 1271 3380 igitur
1294 3296 1334 3357 ct
1356 3281 1397 3355 in

403 3390 565 3494 Spirneae
587 3385 783 3494 speciebus
805 3406 843 3467 et
869 3392 907 3469 in
929 3392 1055 3483 Cornu,
1091 3411 1129 3472 et
1152 3397 1191 3471 in
1212 3387 1396 3499 Salarama,

402 3524 441 3584 et
456 3509 494 3586 in
508 3507 645 3606 Salina,
668 3501 943 3614 Laserpiriirque
958 3502 1000 3585 fit
1023 3506 1314 3589 umbellatarum
1329 3508 1398 3588 ha-

400 3617 502 3703 bitus
531 3623 728 3726 stirpium,
763 3624 794 3700 is
816 3626 855 3699 in
881 3627 1148 3726 experimentis
1171 3622 1393 3705 umbellata-

400 3764 487 3816 rum
502 3738 750 3843 inspiciendus
774 3738 845 3838 est,
869 3744 968 3817 etin
990 3740 1062 3821 suis
1085 3740 1285 3846 privilegiis
1308 3743 1391 3847 spe-

398 3847 566 3932 dandus.
612 3853 683 3933 Sed
698 3853 762 3932 cn!
795 3871 837 3931 ut
852 3872 891 3931 et
906 3855 1064 3958 rSpiritui,
1094 3876 1132 3939 et
1147 3857 1335 3951 Solandrn,
1351 3878 1391 3937 et

399 3970 539 4059 Cornus,
547 3973 720 4048 examine
735 3969 917 4072 instituta,
933 3971 1076 4052 corolla
1091 3971 1336 4078 pentapetala‚
1351 3992 1394 4054 et

396 4082 598 4164 seminibus
617 4082 767 4165 duobus
784 4106 972 4189 carentes,
998 4114 1017 4167 a
1040 4085 1161 4167 stridle
1177 4086 1392 4172 umbellatis

392 4194 615 4282 abscendant
629 4199 784 4307 plantis,
805 4201 900 4281 dum
914 4204 1046 4298 Salina,
1068 4223 1107 4283 et
1122 4202 1314 4312 Laserpitr'a
1329 4206 1390 4289 his

839 4324 848 4356 ⁴
1268 4343 1389 4406 aeter-
