3300 5159
526 516 1005 596 arcnaanntoj
1067 533 1074 542 ·
1152 526 1155 531 ’
1214 530 1274 593 xv

380 634 393 667 Ν

286 706 343 809 gis,
365 727 491 812 quarn
506 698 654 782 habitui
675 700 849 782 standum
870 698 1072 805 praecipit3
1100 691 1154 775 est
1168 696 1274 773 enim

283 839 428 899 externa
461 822 660 898 increatis
690 843 814 923 poene
844 810 1022 894 omnibus
1039 809 1168 892 'facies
1198 805 1272 889 five

279 932 446 1037 habitus,
470 931 534 1012 illa
548 931 718 1014 absoluta
731 937 806 1033 vis,
829 930 890 1011 illa
907 933 1075 1035 superior
1089 929 1272 1033 potentia,

280 1078 367 1159 quae
385 1068 628 1157 quantocyus
643 1053 682 1127 in
694 1046 944 1131 fimilitudinis
966 1043 1026 1127 vel
1048 1039 1274 1123 diffunditu·

280 1167 366 1246 ditiis
382 1163 594 1266 affensum,
617 1160 797 1244 rebeliem
813 1169 928 1243 etiam
942 1166 1127 1241 rationem
1142 1162 1273 1265 rapiat,

280 1287 424 1362 etinter
445 1280 590 1361 haecce
612 1285 820 1386 agnationis
841 1277 996 1360 stabiliat
1019 1277 1176 1382 gradus,
1206 1292 1272 1353 aut

280 1399 444 1479 summae
469 1416 588 1503 ponat
609 1410 758 1479 metum
788 1397 1082 1501 discrepantiae,
1118 1391 1171 1469 est
1193 1390 1271 1495 ipse

280 1512 445 1614 habitus,
463 1517 531 1621 qui
546 1517 660 1593 etiam
674 1517 712 1593 in
728 1513 893 1593 humana
909 1513 1032 1616 specie
1047 1506 1187 1588 iudicia
1203 1530 1273 1584 no-

285 1629 575 1734 straexpugnet3
602 1633 641 1708 in
656 1627 727 1708 hac
744 1633 866 1733 enim,
894 1628 984 1709 licet
999 1655 1048 1708 ex
1063 1641 1213 1730 patrum
1229 1617 1279 1699 li«
1310 1692 1316 1701 ,
1355 1694 1361 1709 ,

266 1800 268 1805 ·
289 1742 365 1825 beris
382 1741 518 1825 infuso
533 1747 709 1850 sanguine
724 1746 934 1827 deducatur
957 1743 1272 1846 consanguinitas,

283 1860 366 1940 adeo
389 1880 624 1968 promptum
645 1858 756 1943 nobis
779 1864 850 1965 est,
887 1859 945 1942 vel
975 1858 1079 1939 hunc
1101 1856 1270 1955 fratrem,

278 1975 374 2057 iilam
390 1975 512 2057 huius
527 1979 716 2080 sororem,
736 1977 808 2058 hos
823 1978 936 2058 huius
950 1972 1089 2055 liberos
1104 1996 1272 2079 pronun·

277 2097 390 2193 ciare,
429 2120 482 2171 ex
506 2114 659 2174 externa
683 2113 726 2175 ut
749 2095 882 2174 dicunt
902 2090 999 2174 facie
1014 2108 1122 2209 „aut
1143 2089 1272 2169 nescio
1377 2152 1383 2165 ,

277 2235 343 2317 qua
358 2205 629 2312 similitudine,
657 2234 701 2291 ut
715 2208 761 2289 ab
776 2210 856 2291 hoc
878 2211 1022 2290 iudicio
1044 2202 1155 2287 nobis
1176 2230 1273 2283 nun-

278 2352 389 2434 quam
411 2344 673 2430 temperemus
703 2325 890 2432 expositi3
926 2326 979 2406 est
1001 2326 1078 2430 ipsc
1107 2318 1272 2421 habunt,

242 2518 245 2525 .
278 2446 401 2548 quiin
425 2440 626 2546 vegetabili
648 2448 837 2548 imperio,
874 2448 1015 2552 inquo
1039 2466 1137 2541 non,
1165 2454 1210 2517 ut
1231 2439 1272 2514 in
1343 2516 1348 2525 .

283 2553 441 2638 hnmana
458 2560 602 2663 specie,
631 2559 798 2664 prolium
812 2564 914 2640 venis
937 2577 1127 2663 concepto
1141 2579 1274 2660 paren·

284 2689 354 2752 tum
385 2675 568 2777 sanguine
587 2675 792 2762 deducitur
823 2679 1108 2784 propinquitaS,
1143 2674 1274 2752 omnia

279 2787 448 2869 abiolutc
472 2791 624 2893 statuat,
648 2797 714 2900 qui
731 2820 756 2871 v
770 2821 798 2868 n
811 2818 831 2868 Β
844 2820 866 2870 E
879 2822 898 2868 L
911 2819 1061 2869 inens
1080 2791 1201 2868 statim
1217 2790 1273 2864 in-

280 2904 397 3008 dicat,
430 2910 497 3015 qui
512 2905 558 2987 ab
581 2906 639 2987 his
672 2934 1034 2986 cnnnnnncnns
1061 2894 1277 3009 distinguat,

281 3017 388 3126 longe
442 3049 758 3101 nns1nncans
813 3020 996 3129 repellat,
1055 3047 1274 3133 quanquam

282 3161 412 3217 omnes
425 3136 570 3218 horum
585 3139 766 3220 ordinum
783 3141 923 3247 species
948 3145 987 3219 in
1010 3166 1172 3237 nurnero
1195 3164 1276 3218 ma·
1311 3202 1314 3209 .

287 3256 440 3333 ritorum
465 3259 707 3359 conveniant,
736 3257 788 3336 est
808 3258 887 3364 ipse
904 3256 1094 3360 habitus,
1123 3263 1189 3367 qui
1212 3284 1277 3360 ge-

283 3395 362 3452 nera
387 3370 571 3475 definiat,
608 3373 748 3477 species
779 3371 1012 3480 compellat,
1057 3401 1276 3483 quanquam

281 3506 341 3564 aut
370 3512 391 3566 a
422 3513 586 3569 numero
617 3494 869 3591 maritorum,
899 3495 1137 3596 coniugum,
1173 3508 1273 3594 peta-

279 3598 405 3681 lorum
427 3602 656 3705 demetant,
692 3605 798 3714 quod
820 3633 899 3685 non
921 3631 1026 3708 unc,
1063 3608 1128 3686 sed
1151 3604 1276 3684 multo

279 3719 409 3798 ittsuis
434 3717 691 3820 systematibus
719 3721 898 3831 exemplo
926 3719 1134 3828 probarunt
1161 3727 1279 3803 LlN-

281 3835 502 3936 NAEVS,
539 3841 862 3932 RlVlNVSve3
905 3840 956 3917 est
986 3840 1144 3919 demum
1172 3837 1279 3918 habi-

280 3966 363 4054 tus,
402 3954 472 4060 qui
501 3959 625 4034 omnis
648 3954 849 4056 systematis
878 3953 1003 4042 solum
1025 3977 1062 4037 et
1085 3951 1279 4038 infallibile

278 4069 474 4158 criterium
497 4068 568 4151 eise
591 4071 723 4177 poffit,
759 4091 798 4151 ct
813 4069 924 4180 baiis.

1172 4305 1278 4389 Cum
1313 4368 1315 4373 >
