3300 5159
574 587 1045 678 ric-(nnnnnro.
1218 602 1312 659 xcv

385 760 505 834 Sexta
537 779 631 859 ergo
672 781 1028 834 cumcunuvn
1067 751 1204 858 claffis,
1239 759 1313 837 flo-
1394 825 1399 848 ,

341 899 389 953 em
411 868 676 950 liliastroidem
700 898 792 951 cum
820 869 957 976 pistillo
980 890 1045 951 aut
1066 876 1221 976 trigono
1244 892 1311 952 aut

340 985 494 1095 {guloso
518 1003 584 1067 aut
605 984 763 1088 trifido,
785 1006 832 1066 et
862 985 1070 1068 triloculari
1090 989 1311 1094 ¹pericarpio

339 1101 484 1204 ustulat,
499 1121 545 1182 ut
558 1099 709 1183 habitus
725 1100 771 1192 fit
783 1100 997 1204 absolutus,
1012 1103 1100 1184 vide
1127 1105 1312 1185 TOVR·
1410 1176 1413 1186 .

339 1224 424 1300 EF.
440 1222 496 1295 T.
514 1245 593 1325 195.
611 1232 680 1316 181.
698 1239 737 1298 et
752 1217 851 1300 alias.
911 1225 1022 1323 Quae
1037 1245 1128 1300 vero
1143 1217 1310 1299 lilinceae
1395 1253 1399 1272 ·

338 1359 441 1416 runo
461 1330 610 1414 horum
631 1334 833 1436 deficiunt,
862 1330 1012 1415 habitus
1035 1336 1120 1415 sunt
1142 1332 1311 1443 delique-

338 1456 450 1532 entis.
505 1453 567 1529 Sic
583 1450 667 1531 vide
681 1451 853 1554 eiusdem
867 1455 1008 1555 T.184.
1036 1447 1313 1531 Absolutarum

338 1567 428 1649 rhac
443 1584 563 1671 gente
579 1567 749 1674 stirpium
765 1564 894 1646 divisio
909 1574 936 1646 1.
951 1594 1001 1646 ex
1016 1564 1160 1646 corolla
1174 1590 1313 1645 mono-

338 1682 433 1764 etaln.
500 1688 546 1761 ΙΙ.
574 1680 731 1765 Corolla
752 1688 906 1763 tri-aut
928 1680 1177 1789 hexnpetala,
1202 1675 1309 1761 ¹haec
1377 1756 1380 1764 .

338 1797 621 1906 ,claperianthia
638 1796 698 1880 vel
720 1796 945 1901 calyculata,
973 1798 1314 1908 deliquescentium
1339 1903 1345 1910 ἱ

338 1927 436 1997 ontrn
461 1913 491 1994 Ι.Δ
509 1942 560 1993 ex
573 1912 721 2020 pistillo.
780 1921 824 1995 ll.
847 1913 903 1993 E'x
925 1920 1137 2020 pericarpio
1158 1918 1310 2021 petitur.

339 2030 541 2113 stevidens
563 2029 799 2112 liliaceorum
820 2049 859 2112 et
881 2036 1113 2138 ringentium
1135 2030 1313 2112 commis·
1438 2051 1441 2056 ·

339 2175 385 2228 na
400 2173 527 2259 quare

388 2268 588 2371 Septimae
617 2259 717 2344 claffi
751 2259 830 2346 illas
860 2257 1023 2346 inl-'cribo
1052 2255 1313 2369 monopetalas

338 2384 457 2487 irpes'‚
496 2407 595 2489 quae
617 2380 811 2486 irregulari
841 2378 949 2462 limbi
978 2378 1143 2462 i'edlione
1172 2377 1313 2460 ridlmn
1411 2385 1435 2472 j

337 2498 525 2577 sidentius
568 2491 847 2609 obscuriusque
898 2502 1153 2602 exprimentes
1204 2523 1313 2575 nns-

336 2638 511 2693 nunns
551 2611 667 2692 hodie
696 2611 896 2717 omnibus,
923 2614 1314 2696 TOVRNEFOR-

336 2732 412 2810 ΠΟ
447 2735 569 2808 etiam
583 2731 799 2835 personutne
815 2755 854 2809 et
869 2729 1025 2810 lubintne
1042 2729 1241 2830 dicuntur,
1257 2732 1311 2810 vi-

335 2845 356 2925 [e
375 2845 561 2926 eiusdem
576 2850 643 2925 viri
660 2852 709 2925 T.
726 2874 785 2951 75.
802 2851 866 2950 76.
884 2861 943 2943 82.
1003 2852 1228 2953 Sequentes,
1249 2869 1312 2924 vn-

335 2965 379 3041 iae
395 2966 507 3041 enim
525 2964 609 3043 sunt
632 2966 812 3067 ringentis
836 2967 939 3041 floris
962 2981 1005 3041 ut
1028 2981 1066 3041 et
1089 2959 1311 3042 liliastroidis

334 3080 563 3181 ifferentiue‚
579 3084 760 3187 quaerite
776 3084 951 3184 cognitae
966 3077 1037 3158 elie
1052 3073 1203 3180 debent,
1219 3105 1313 3158 con·
1387 3167 1396 3192 J

334 3192 382 3274 'ule
413 3196 551 3286 Tou
560 3197 644 3272 RN.
661 3201 798 3276 icones.
860 3199 1102 3301 Ringentium
1119 3191 1312 3276 nb'solutus

333 3309 464 3394 nbitus
480 3316 508 3388 l.
525 3313 564 3390 in
579 3312 673 3396 flore
690 3312 850 3392 classico.
909 3321 952 3393 ll⁴
977 3308 1120 3413 'Calyce
1137 3337 1312 3420 quocun·
1441 3311 1443 3316 ’

332 3454 379 3534 ωε
396 3443 668 3535 praeterquam
686 3429 898 3535 sputhnceo
957 3437 1016 3510 lll.
1038 3437 1077 3507 ln
1094 3424 1312 3507 staminibus

331 3542 475 3622 luobus
494 3561 559 3621 aut
580 3565 744 3652 quotuor
772 3544 999 3648 foecundis,
1036 3543 1187 3624 duobus
1219 3544 1314 3622 sem*-

330 3686 401 3761 er,
444 3648 470 3737 fi
495 3684 659 3766 quatuor
680 3660 847 3766 fuerint,
878 3660 1114 3759 minoribus,
1143 3663 1314 3761 vertitur,
1338 3747 1344 3759 ,

328 3793 352 3851 tt
368 3782 406 3854 in
427 3772 560 3883 aliquo
575 3774 711 3857 harum
733 3780 999 3860 conditionum
1022 3771 1175 3858 del'edlu
1196 3776 1314 3855 versa-

327 3917 368 3971 ur
398 3889 672 4000 deliquescens.
698 3986 702 3997 Ι
730 3891 908 3976 Abioluti
944 3898 1111 4001 prinmrii
1137 3896 1315 3970 onmium

325 4004 516 4087 iustorum
553 4009 702 4093 ordines
738 4012 822 4091 sunt
853 4020 878 4090 l.
910 4012 1313 4114 Gymnospermnrum.
1360 4069 1371 4103 ,

323 4126 758 4230 jl.Angiosper1mru111:
789 4126 931 4206 horum
954 4124 1151 4206 divisiones
1175 4154 1223 4204 ex
1245 4152 1315 4202 nu-

321 4264 417 4322 nero
439 4243 646 4325 staminum
662 4297 678 4346 ,·
711 4260 750 4323 ot
773 4240 981 4345 divisione,
1019 4264 1085 4324 aut
1113 4237 1315 4433 segmgntis

1181 4381 1223 4436 ca
1239 4381 1317 4458 ycrs
