3300 5159
613 523 1081 576 PRAEFATIO·
1182 525 1187 536 '
1297 525 1348 580 IX

435 675 541 759 Vnde
564 705 656 759 vero
683 679 935 760 artificialium
957 679 1197 781 systematum
1220 678 1347 762 illece-

319 891 323 896 .
369 788 457 896 brae,
490 794 669 877 naturalis
690 800 824 878 nausea
846 793 1081 902 horrorque?
1118 795 1262 875 dicam:
1301 824 1345 878 ea

317 979 323 1014 ,
363 910 406 990 est
416 907 636 991 luxuriantis
651 916 790 1017 ingenii
806 914 940 1015 nostri,
967 908 1014 991 ab
1030 915 1194 1014 origine,
1217 913 1345 991 nescio

360 1051 399 1106 an
412 1029 553 1130 innata,
579 1051 644 1108 aut
659 1034 777 1108 accita
794 1026 915 1128 labes,
931 1047 974 1106 ut
990 1025 1157 1106 limitum
1172 1029 1211 1104 in
1226 1027 1344 1108 scien-

314 1209 317 1220 .
335 1131 339 1140 ’
358 1145 408 1221 tiis
421 1146 634 1247 impatiens,
642 1162 680 1222 et
689 1142 859 1249 iupplere
876 1169 1028 1241 conans,
1037 1142 1143 1252 quod
1159 1159 1344 1246 negataut

358 1254 542 1363 inspediiO,
552 1278 619 1338 aut
633 1255 858 1360 intelledius,
867 1255 1065 1337 confestim
1075 1263 1112 1335 in
1128 1283 1278 1354 novam,
1288 1286 1345 1338 re·

356 1370 439 1454 ieda
455 1378 588 1479 priori,
604 1379 837 1456 creationem
853 1378 1006 1479 pruriat,
1023 1377 1173 1480 iamque
1190 1373 1345 1452 coelum

355 1509 562 1599 terramque
575 1489 777 1592 subvertat,
792 1509 831 1572 et
846 1517 914 1598 per
926 1516 1042 1590 mare,
1051 1516 1117 1594 per
1131 1507 1245 1568 terras
1264 1486 1347 1570 lon·

358 1633 396 1707 ge
411 1603 566 1716 lateque
589 1603 870 1708 debachatum,
913 1603 1054 1711 gloriae
1076 1605 1347 1704 immodicum,

364 1746 424 1799 non
444 1720 610 1826 amplius
632 1749 767 1804 vanam
791 1722 1013 1804 mortalium
1042 1722 1346 1820 admirationem,

359 1855 410 1914 aut
430 1842 607 1942 ignotam
624 1844 788 1918 nominis
812 1839 894 1944 post
908 1836 983 1920 iata
1004 1835 1344 1936 immortalitatem,

355 1951 411 2031 sed
434 1952 675 2058 apotheosim
701 1959 899 2061 impatiens
936 1953 1096 2038 anhelet.
1155 1953 1239 2033 Plus
1272 1978 1344 2032 una

354 2070 426 2147 vice
440 2070 537 2150 haec
555 2069 651 2151 mala
668 2069 817 2180 physica
839 2070 952 2171 vidit,
980 2068 1077 2150 hanc
1103 2069 1244 2173 pestem
1267 2097 1347 2148 nie·

306 2223 310 2236 ·
354 2181 468 2264 dicinn
483 2185 614 2289 sensit,
628 2216 698 2268 nec
716 2186 933 2269 remedium
948 2185 1050 2266 ntalo
1068 2182 1204 2266 adferri
1221 2188 1347 2290 potuit
1438 2235 1441 2250 ·

354 2305 467 2405 prius,
497 2329 617 2411 quam
631 2309 881 2410 captivaretur
897 2308 933 2383 in
950 2299 1176 2410 obi'equium
1192 2323 1346 2382 naturae

354 2414 580 2522 intelledius,
609 2422 710 2502 etad
733 2439 887 2502 naturae
916 2444 1053 2500 vocem
1078 2437 1279 2524 cogeretur
1294 2419 1349 2520 sy-

360 2530 478 2638 stema,
510 2563 590 2615 non
606 2537 654 2620 ad
678 2529 832 2640 systema
857 2556 1010 2618 naturae
1031 2561 1130 2626 vox3
1159 2555 1244 2616 tum
1264 2531 1348 2618 bre-

365 2651 392 2724 u'
397 2652 506 2755 pulso
530 2650 797 2759 philosophico
824 2657 934 2735 vacui
956 2650 1137 2752 horrore,
1168 2646 1349 2731 exaudio-

355 2773 430 2847 ratis
445 2774 486 2846 in
504 2766 654 2875 phyiica
671 2768 919 2868 monadibus,
950 2773 1105 2850 materia
1124 2768 1290 2847 CART
1301 2770 1349 2842 E-

354 2885 414 2961 811
446 2883 598 2985 subtili,
634 2881 975 2966 defervescentibus
999 2889 1037 2961 in
1068 2882 1254 2961 medicina
1277 2875 1348 2960 fct-
1398 2965 1400 2970 ,

352 2997 662 3102 mentationibus,
692 2999 954 3107 oppoiitorum
972 2997 1102 3082 iulium
1119 2993 1349 3076 ebullitioni-

353 3108 443 3218 bus,
492 3136 531 3196 et
564 3117 821 3200 tumultuariis
852 3116 1173 3220 i'yfietnaticorurn
1202 3117 1348 3192 entium

350 3231 538 3334 rnotibuS,
576 3232 654 3314 sola
678 3261 719 3318 ea
744 3228 947 3340 superfuit,
984 3258 1079 3340 quae
1103 3257 1276 3312 naturam
1300 3257 1348 3307 ex

348 3347 415 3427 ane
446 3369 701 3453 regeneraret,
737 3355 889 3454 imag0,
928 3369 965 3430 ct
990 3349 1160 3452 adparuit
1183 3342 1352 3450 deposita

348 3463 531 3544 artificiali
546 3463 663 3567 larva,
693 3465 785 3546 nihil
799 3470 910 3544 nimis
927 3463 1081 3544 stultum
1098 3460 1226 3561 i'uiffe,
1245 3460 1352 3569 quod

351 3605 423 3659 non
448 3599 514 3660 aut
536 3607 557 3660 a
582 3578 765 3689 physrc0,
801 3601 867 3664 aut
895 3607 915 3663 a
939 3581 1094 3662 medico
1122 3578 1356 3684 systernatice

351 3695 590 3802 proferretur.
1413 3719 1416 3724 ·

429 3935 546 4009 Nunc
571 3947 660 4011 vero
683 3931 818 4014 eadem
841 3929 913 4012 hac
935 3926 1086 4010 creandi
1104 3922 1260 4008 libidine
1279 3923 1349 4006 bo-

349 4050 466 4126 tanica
497 4045 617 4126 hodie
646 4054 795 4152 prurit,
832 4068 869 4126 et
898 4046 1023 4145 ardet,
1059 4070 1129 4123 nec
1160 4049 1246 4153 quia
1269 4061 1351 4121 tota

351 4163 491 4243 constet
508 4164 706 4267 remediis,
727 4168 819 4245 etin
835 4190 952 4244 unam
967 4163 1351 4257 medicamentorum,

846 4304 867 4360 a
898 4304 919 4385 5
1252 4298 1350 4384 quae
