3300 5159
342 547 504 608 XL'.
607 548 1078 602 PRAEFATIO.

434 710 672 814 Quanquam.
680 731 772 786 vero
788 724 828 786 et
841 706 936 788 haee
957 710 1010 785 ita
1033 732 1082 784 ex
1104 722 1261 783 naturae
1282 726 1350 807 pa·

346 827 453 908 te'ant
475 840 571 914 nutu
586 883 598 923 ,
616 821 684 901 ‘est
706 841 834 902 tamen
856 818 1081 927 inconrpleti
1102 839 1183 903 tarn
1204 845 1272 923 per
1296 818 1349 917 se,

306 1027 309 1034 ,
347 941 465 1047 quarn¹
485 964 552 1044 per
573 938 850 1048 deridentiar'n,
878 957 944 1018 aut
965 935 1253 1045 deliquei'centis
1275 934 1349 1012 flo-

349 1058 399 1134 ris
416 1052 653 1135 illustrandus
668 1061 789 1162 magis
798 1073 1036 1160 conceptuS,
1063 1079 1112 1132 ne
1135 1048 1256 1132 dubio
1276 1044 1348 1132 sub

347 1169 456 1252 sensu
485 1159 655 1280 unquain
682 1177 898 1279 accipiatur.
964 1175 1011 1249 Et
1039 1174 1167 1273 prirno
1197 1161 1266 1247 sub
1293 1168 1352 1243 in·

351 1284 553 1400 eompletis
568 1287 930 1399 deliquescentibus,
958 1283 1030 1366 five
1053 1282 1204 1365 habitus
1227 1281 1358 1362 affinis·

306 1403 311 1411 '
349 1399 484 1508 plantis
506 1408 624 1485 etiam
646 1432 781 1487 ornnes
803 1434 871 1487 eae
894 1404 1082 1506 contineri
1105 1397 1251 1481 debent
1270 1397 1351 1476 stir-

349 1545 437 1624 pes,
451 1546 454 1551 ·
467 1529 564 1627 quae
579 1549 797 1633 quanquam
811 1528 880 1628 pe'r
901 1520 938 1601 se
953 1512 1132 1624 perfertis
1149 1508 1353 1594 instruRae

350 1631 420 1721 fint
435 1635 616 1740 floribus,
645 1658 685 1718 et
699 1638 787 1719 inde
804 1638 913 1719 alteri
927 1633 1028 1715 claffi
1042 1631 1280 1731 inserendae,
1293 1647 1351 1708 ta·

350 1775 440 1829 rnen
456 1743 547 1830 curn
562 1751 889 1862 irnperferiisaliis
904 1751 1001 1833 adeo
1017 1776 1195 1855 magnam
1208 1742 1354 1833 habent

352 1866 594 1971 affinitatem,
610 1891 654 1951 ut
666 1869 714 1951 ab
729 1872 965 1975 hisstparari
979 1891 1058 1946 non
1081 1865 1241 1972 potimt3
1270 1889 1353 1941 rne-

212 2067 216 2076 ,
352 1984 465 2062 retur
479 2010 539 2064 res
561 1987 740 2091 Amplius
769 2008 812 2067 et·
830 1982 1028 2088 Clunopodii
1058 1977 1237 2086 exemplo
1266 1975 1353 2058 illu·

352 2099 474 2178 strari:
502 2096 529 2178 fi
543 2107 648 2182 enim
663 2133 711 2184 ex
727 2102 989 2186 observatione
1020 2097 1079 2181 Cl.
1101 2095 1353 2178 LINNAEI

350 2215 513 2319 Atriplrx
541 2216 682 2330 absque
713 2225 808 2301 flore
837 2217 1005 2300 femineo
1036 2213 1079 2295 fit
1101 2208 1354 2315 Chempodr'um,

351 2349 390 2412 et
405 2333 646 2438 Chenopodium
671 2365 762 2419 curn
786 2340 884 2417 flore
907 2331 1098 2415 eiusmodi
1118 2327 1287 2411 femineo
1309 2325 1354 2407 fit

264 2488 268 2499 ·
349 2449 538 2551 Atriplex,
564 2454 654 2533 inde
683 2457 833 2535 summa
863 2452 1022 2534 affinitas
1052 2445 1286 2553 chenopodii
1315 2462 1355 2524 et

350 2562 530 2670 atriplicis
557 2589 684 2675 pateat
713 2570 936 2659 observante
973 2565 1114 2647 eodern
1151 2562 1354 2644 clariffnno

352 2684 455 2783 viro,
481 2708 529 2763 an
543 2687 668 2790 potest
683 2685 764 2768 ullo
779 2704 934 2767 naturae
951 2701 1018 2762 aut
1040 2677 1239 2764 confilioa
1264 2676 1356 2757 che·

352 2797 526 2902 nopodio
542 2803 702 2907 separari
717 2801 898 2909 atriplex,
928 2819 998 2882 aut
1017 2791 1203 2878 consensu
1216 2800 1256 2876 in
1271 2794 1353 2874 duo

352 2941 488 3019 genera
510 2909 685 3000 distrahi?
721 2947 838 3029 quare
861 2920 971 2999 sexus
993 2940 1131 3019 genera
1152 2938 1231 2993 non
1251 2907 1358 3012 facit,

353 3029 580 3113 docentibus
614 3062 663 3114 ex
685 3037 822 3117 eadem
844 3033 1063 3116 Clariiinrris
1087 3034 1185 3112 Viris
1215 3029 1359 3110 HAL-

353 3148 531 3250 LERO,
559 3149 913 3231 B'OEHMERO.
955 3144 1359 3245 Tunri'ecund0,non

210 3313 221 3370 .·
355 3257 412 3341 fas
428 3261 536 3341 estin
551 3289 631 3342 uno
645 3265 866 3373 ¹eodemque
882 3284 1042 3372 genere,
1055 3267 1194 3342 florent
1209 3287 1276 3367 per
1290 3258 1359 3338 de-

323 3440 328 3450 .
354 3375 560 3457 ridentium
578 3379 861 3486 incornpletunr
884 3407 976 3460 eum
998 3378 1181 3479 credere,
1211 3379 1276 3485 qui
1299 3401 1359 3454 ra-

356 3497 461 3574 tione
475 3497 626 3575 numeri
646 3493 803 3578 alicuius
817 3492 1120 3578 frudiificationis
1135 3498 1249 3600 partis
1263 3518 1359 3570 cunr

358 3612 468 3692 sociis
482 3614 621 3714 variet,
649 3629 693 3692 ut
710 3612 805 3692 durn
827 3616 866 3691 in
889 3638 968 3691 uno
984 3612 1200 3717 eodemque
1217 3634 1359 3712 genere

360 3728 460 3808 duae
481 3744 605 3838 tresve
628 3755 768 3809 uxores
790 3725 1000 3830 habentur,
1036 3754 1102 3808 aut
1124 3725 1244 3805 niodo
1269 3748 1361 3831 qua·

359 3860 470 3944 tuor,
497 3843 620 3924 modo
640 3840 754 3947 ouo,
790 3865 835 3925 ut
857 3849 897 3925 in
917 3848 1064 3924 Riviniis
1086 3845 1233 3941 mariti,
1268 3836 1361 3918 licet

361 3976 490 4036 tamen
507 3960 607 4062 ipsae
623 3963 778 4039 Riviuiae
791 3990 860 4068 per
874 3960 962 4043 alias
984 3959 1169 4066 legitimas
1192 3958 1358 4036 rationes

361 4073 616 4180 incompletae
644 4077 811 4183 aperalae
840 4077 1058 4160 habeantur.
1122 4075 1262 4152 Tertii)
1292 4071 1359 4152 de·

363 4216 475 4274 muru
488 4219 679 4304 nequessea
692 4194 936 4302 inconrpletis
957 4192 1196 4292 adnumerari
1217 4186 1361 4268 debent

1210 4330 1361 4411 genera,
