3300 5159
230 575 233 582 ⁴
329 511 361 565 x
491 509 500 521 ·
592 484 1061 569 ῬκΑκπΑτιά

329 655 426 783 ¹quae
440 673 570 751 omnia
585 664 865 772 compleditur,
888 654 1005 775 spem,
1021 671 1128 751 suam
1143 670 1327 759 fiduciam

328 787 523 891 collocet,
562 802 627 865 aut
655 783 818 865 aliorum
841 784 1013 891 periculo
1035 788 1162 892 sapere
1186 793 1323 895 potest,

279 924 395 987 «aut
419 900 694 1010 aegritudinem
714 902 820 982 suam
844 903 1001 993 sentire3
1037 905 1191 1012 iamque
1219 932 1325 1009 egre-

248 1127 252 1132 ·
328 1026 381 1128 gii
406 1019 606 1125 culpantur
628 1019 720 1119 viri,
741 1018 937 1118 RAIVS,
965 1020 1325 1107 MORISONVS

327 1166 395 1238 ve,
425 1134 532 1245 quod
552 1152 725 1217 naturam
746 1136 935 1214 imitantes
956 1136 1067 1218 suum
1087 1133 1255 1217 ariadnes
1280 1140 1324 1218 fi-

326 1252 410 1333 lum
425 1256 600 1331 amittant
618 1248 738 1348 (Phil.
753 1250 954 1353 Boionio),
984 1248 1084 1360 quasi
1101 1252 1213 1334 satius
1233 1250 1324 1354 fuis7

325 1372 382 1452 set
409 1372 448 1448 in
470 1370 670 1447 tormentis
699 1385 873 1446 naturam
899 1368 1108 1449 constanter
1142 1367 1324 1474 detinere,

271 1533 273 1538 ·
315 1513 444 1597 =quam
464 1487 618 1589 ingenio
638 1478 763 1561 debile
787 1481 954 1563 ariadnes
979 1509 1094 1588 opm,
1131 1482 1247 1565 semel
1268 1485 1323 1567 illi

325 1600 533 1686 subiicere?
562 1596 826 1701 negliguntur,
858 1597 965 1706 quod
986 1600 1051 1682 sua
1074 1626 1166 1679 cum
1190 1622 1323 1687 natura

324 1716 475 1799 consilia
493 1717 782 1809 communicent
796 1714 1003 1794 ROYEN
1012 1705 1073 1815 H,
1103 1719 1322 1810 HALLn

325 1838 408 1914 RII
427 1860 523 1942 que,
553 1830 649 1911 dum
664 1833 806 1908 interea
823 1855 898 1909 una
913 1826 1040 1910 solum
1065 1827 1199 1913 vidirix
1221 1833 1320 1915 mul·

324 1947 446 2057 tiplici
464 1951 586 2054 capite
606 1943 770 2047 lubrica,
798 1941 1098 2028 frudificationis
1122 1976 1226 2055 pars,
1253 1977 1320 2058 per

323 2093 479 2166 onmes,
518 2067 634 2144 etiam
661 2057 867 2142 relustrante
894 2080 1046 2166 natura,
1085 2061 1210 2148 claffes
1240 2070 1322 2173 spe-

324 2179 459 2263 danda
481 2178 675 2279 truditur,
718 2205 767 2257 ne
802 2204 967 2259 vacuum
993 2177 1118 2259 ullum
1145 2181 1321 2288 superfit3

324 2294 426 2410 quasi
441 2314 484 2376 ut
501 2293 597 2375 olim
613 2299 652 2373 in
668 2291 835 2400 physica,
863 2298 916 2380 ita
938 2293 1055 2378 hodie
1072 2301 1111 2375 in
1133 2294 1321 2401 botanica‚

321 2412 517 2516 timendus
548 2410 639 2506 chet
667 2436 788 2490 novus
812 2414 923 2492 vacui
945 2409 1081 2491 horror
1102 2409 1321 2496 botanicus!

282 2571 285 2576 ·
322 2535 364 2612 id
380 2533 483 2611 enim
500 2524 666 2608 sexuales
682 2552 816 2607 omnes
833 2523 957 2610 folum
975 2532 1110 2612 timere
1132 2530 1320 2635 videntur,

233 2681 236 2685 *
323 2648 420 2729 dum
439 2649 551 2725 unice
569 2640 777 2745 obiiciunt,
804 2639 1013 2745 fragmenta
1036 2645 1237 2749 systematis
1257 2675 1322 2731 na·

257 2765 261 2772 '
321 2760 452 2844 turalis
468 2758 592 2841 solum
607 2760 768 2860 exstare,
791 2756 1029 2865 completum
1042 2768 1081 2841 in
1095 2763 1320 2848 hodiernam

323 2881 427 2961 diem
442 2904 522 2957 non
538 2877 636 2980 dari,
661 2871 883 2980 vegetabilia
903 2883 1032 2958 onmia
1055 2880 1231 2959 nondum
1254 2879 1320 2960 de·

322 2993 423 3076 tedia
436 2992 528 3096 effe,
558 2991 744 3072 artificiali
765 2996 880 3096 igitur
894 3017 992 3099 opus
1016 2993 1089 3081 effe
1112 2999 1320 3103 systemate,

323 3112 449 3196 donec
470 3108 638 3192 naturale
656 3107 895 3218 completum
913 3106 966 3197 fit.

409 3345 465 3422 At
488 3368 560 3446 ego
585 3338 656 3420 hac
681 3338 817 3441 causa,
847 3365 943 3447 quae
966 3341 1042 3422 sola
1065 3338 1319 3425 artificialibus

320 3457 475 3566 superfit
488 3456 673 3536 botanicis
690 3453 785 3556 (alia
800 3459 903 3533 eninr
920 3480 1140 3561 argumenta
1157 3485 1237 3541 non
1251 3457 1318 3542 ha·

321 3573 440 3679 beot)
469 3570 563 3658 nihil
582 3597 752 3679 unquam
776 3568 904 3652 audivi
930 3571 1185 3677 irnbecilliuS,
1222 3572 1317 3657 nihil

321 3691 399 3774 hoc
419 3693 595 3795 ingeram,
625 3712 704 3795 quo
728 3714 855 3766 rerum
880 3692 1095 3771 universum
1120 3689 1319 3794 subiugaret

321 3806 588 3905 contendunt,
623 3801 762 3893 levium
791 3824 960 3885 merctur
989 3835 1046 3886 res
1071 3811 1232 3913 carptim
1252 3808 1318 3887 de-

323 3922 424 4003 duci.
498 3920 660 4021 Systema
687 3915 853 3998 naturale
885 3925 924 4003 in
956 3921 1179 4004 hodiernam
1211 3924 1317 4007 diem

321 4034 560 4143 completum
582 4034 730 4114 nullum
755 4034 853 4136 dari,
882 4066 953 4118 nec
981 4037 1145 4123 detedas
1171 4047 1318 4123 univer·

271 4253 278 4260 ‚
320 4156 379 4241 sos
417 4149 673 4260 vegetabiiurn
705 4153 847 4261 species
881 4149 1051 4237 cladibus
1087 4154 1318 4239 naturalibus

1197 4272 1323 4354 adhuc
