3300 5159
565 563 1036 620 annana-rto.
1119 523 1302 630 ⁴xev11
1385 547 1391 556 '

326 715 427 810 ntur
443 719 630 813 absoluti3
660 723 726 829 qui
741 747 835 801 vero
850 719 974 803 solum
997 721 1132 806 elaffici
1147 724 1236 832 fint,
1261 750 1301 812 et
1400 767 1404 774 ·

325 865 363 922 ta
395 838 566 918 duarum
593 836 842 917 destituantur
869 858 1075 943 notarum,
1111 840 1178 922 fim
1181 845 1299 949 plicis.

326 952 461 1046 abitus
484 949 648 1036 absoluti
671 955 782 1033 unica
804 957 843 1031 in
858 955 920 1057 ſss
908 983 956 1030 acu
958 952 1047 1060 sosas
1069 977 1108 1036 et
1124 961 1169 1059 fil
1141 959 1297 1067 tiqunsns

326 1066 514 1154 aeribus
502 1087 578 1148 ram
594 1088 744 1174 recepta
760 1065 889 1149 divisio
904 1070 956 1149 est
968 1067 1099 1194 facilis,
1113 1101 1298 1179 generum

327 1211 382 1268 ao
399 1184 523 1265 ardua
538 1184 746 1265 differentia
763 1203 802 1263 et
821 1173 1085 1289 insufficiem,
1096 1208 1139 1269 ut
1162 1197 1302 1300 corrigi
1385 1185 1388 1192 ¹

328 1298 455 1392 ebeat3
479 1299 631 1381 habitus
646 1297 802 1406 simplex
816 1296 920 1380 divas
905 1326 1037 1382 onem
1050 1304 1212 1407 postulat
1225 1307 1298 1388 hu-

328 1444 439 1528 tsque
464 1414 619 1497 nullam.

374 1535 546 1615 Decima
575 1529 622 1613 ab
657 1528 727 1611 illis
757 1528 930 1637 slIrpibus
960 1527 1061 1614 disin
1088 1534 1204 1614 claslis
1234 1537 1299 1639 est,

329 1676 389 1732 uae
413 1649 510 1729 suos
532 1637 741 1727 flosculos
729 1674 768 1726 1n
790 1644 957 1728 umbella
979 1651 1045 1729 seu
1072 1649 1299 1731 umbraculo

330 1765 468 1874 igeslos
510 1758 803 1866 circumferant,
846 1781 885 1843 et
913 1764 1003 1845 inde
1050 1792 1298 1845 vunnem-

331 1907 458 1962 ειη
495 1884 650 1988 proprie
693 1896 904 1983 vocentur,
944 1880 1032 1962 vide
1074 1884 1297 1964 TOVRN.

331 2003 444 2102 2158.
483 1996 684 2077 MORIS.
707 2011 747 2074 et
768 1992 932 2076 aliorum
942 1994 1174 2079 urnbellatas
1195 1996 1299 2104 plan·
1356 2053 1360 2074 .-

332 2142 362 2196 s.
425 2120 473 2193 ln
486 2112 559 2191 hac
574 2130 703 2192 autem
718 2107 825 2190 clasle
840 2110 880 2191 id
893 2116 1061 2216 ignorari
1080 2139 1159 2193 non
1173 2110 1300 2217 debet,

332 2255 436 2311 orem
452 2228 580 2333 ipsum
592 2230 744 2334 proprie
760 2225 953 2309 claffieum
966 2255 1043 2309 non
1058 2228 1143 2336 elle,
1159 2230 1222 2310 sed
1236 2257 1302 2335 pe·

332 2343 493 2428 anculos
517 2370 566 2421 ex
594 2370 672 2423 uno
701 2362 835 2424 centro
859 2342 961 2425 divisa
982 2344 1211 2453 receptaculi
1232 2373 1301 2453 per

332 2463 422 2543 tdios
439 2477 647 2563 exeuntes,
675 2461 789 2539 flores
803 2457 918 2541 hosce
932 2482 1124 2568 gerentes,
1154 2481 1197 2541 ut
1212 2463 1301 2542 inde

332 2578 622 2659 ntranlennam
643 2574 892 2681 intelligatur,
920 2604 999 2657 non
1021 2580 1165 2684 semper
1186 2576 1302 2658 essen-

332 2693 453 2796 llem,
483 2718 588 2801 ,quae
609 2690 758 2773 classem
779 2689 898 2773 valeat
920 2721 1126 2799 generare,
1153 2713 1301 2798 partem
1436 2757 1447 2777 .

331 2808 545 2893 ledebere.
602 2812 709 2888 Licet
722 2834 813 2889 vero
830 2813 879 2886 ita
896 2808 1074 2891 definitus
1097 2808 1139 2888 fit
1154 2807 1303 2891 umbel-

331 2947 465 3008 ttarum
491 2926 662 3031 stirpium
684 2923 856 3026 habitus,
884 2921 1024 3005 habent
1044 2945 1172 3005 tamen
1187 2932 1304 3007 etiam

331 3041 381 3124 lae
395 3042 490 3125 alias
498 3104 513 3143 ,
543 3037 1087 3149 quibusarstiusstringantur,
1115 3062 1242 3147 notas,
1266 3064 1307 3124 et

332 3159 491 3240 robatur
519 3161 659 3239 omnis
695 3154 865 3240 absolute
900 3156 1103 3240 umbellnta
1146 3160 1306 3241 dicenda

332 3280 416 3385 irps.
483 3283 511 3356 l.
540 3271 781 3355 Vmbraeulo.
841 3282 884 3354 ΙΙ.
913 3274 1023 3356 Flore
1052 3276 1303 3381 pentapetalo

332 3398 357 3472 l.
373 3387 597 3473 Seminibus
613 3388 764 3472 duobus
779 3386 845 3470 fibi
859 3388 1017 3483 iunslis3
1045 3389 1187 3497 probae
1201 3391 1306 3471 haud
1402 3399 1404 3405 '

330 3535 416 3591 arax
453 3505 711 3616 deliquescens
739 3504 911 3587 habetur.
969 3511 1177 3589 Caeterum
1212 3509 1308 3587 AR-

330 3629 425 3704 THE
435 3630 475 3706 D
485 3630 525 3702 11
555 3620 768 3726 divifiones,
797 3620 885 3703 lieet
901 3650 977 3704 non
992 3642 1203 3723 accuratas,
1219 3625 1307 3730 quia

330 3767 510 3851 acusque
532 3741 731 3821 emendare
746 3767 825 3821 non
838 3744 968 3846 potui,
992 3741 1150 3838 servavi,
1180 3730 1309 3817 eorre-

330 3852 443 3939 liores
466 3876 511 3937 et
533 3859 714 3942 certiores
735 3862 774 3938 in
795 3855 987 3939 Fasciculo
1008 3860 1068 3934 ΙΙΙ.
1085 3851 1308 3936 umbellata-

330 4001 388 4055 um
404 3976 586 4080 stirpium
600 3991 821 4055 tentaturus.

387 4095 588 4172 Stamina
575 4117 617 4171 1n
631 4088 852 4172 columnam
874 4107 957 4169 tota
977 4083 1216 4194 longitudine
1237 4088 1309 4165 flo-

331 4206 454 4292 lseram
477 4226 698 4317 patentem,
726 4206 821 4289 edus
802 4204 882 4309 sla,
910 4202 1136 4309 undecimae
1166 4201 1311 4396 noplppe

1196 4343 1253 4397 ea
1284 4345 1308 4415 1,
