3300 5159
242 541 247 556 =
365 499 477 586 'xm
535 551 591 576 «
650 525 1128 584 annanna1o
1232 515 1235 521 ’

353 683 358 692 “
478 687 584 770 Cum
599 689 701 765 enirn
717 690 844 768 omnis
874 708 997 769 creata
1013 690 1174 794 species,
1204 688 1308 769 suani
1323 674 1403 769 for·

393 807 499 904 marn
522 800 686 905 habeat,
721 808 902 883 omnium
926 808 1134 910 specierum
1156 803 1328 908 formae,
1358 804 1403 885 fi-

392 920 616 1004 militudinis
633 938 699 999 aut
716 918 1031 1018 dissimilitudinis
1045 919 1257 1001 absolutam
1272 924 1402 1002 neees-

392 1036 559 1140 fitatem,
589 1061 705 1143 quarn
720 1033 895 1115 habiturn
918 1035 1034 1141 vulgo
1063 1034 1230 1118 botanici
1254 1038 1401 1140 dicunt,

395 1150 524 1262 debet'
540 1148 613 1232 effe
636 1150 699 1231 hic
722 1154 800 1256 ipse
821 1150 1001 1255 habitus,
1038 1157 1164 1234 omnis
1195 1154 1399 1256 systematis

394 1266 517 1360 bafiss
559 1294 651 1347 curn
673 1270 816 1349 iterum
836 1272 977 1375 species
1000 1296 1137 1375 genera
1159 1270 1401 1372 constituant,

377 1378 532 1493 ⁴genera
559 1384 641 1488 ipsa'
658 1382 803 1485 claffes,
840 1383 911 1464 hae
943 1386 1125 1487 systema,
1170 1386 1310 1494 species
1335 1383 1402 1465 ab·

229 1501 232 1508 ’
297 1493 304 1514 ’
393 1502 516 1586 soluta
531 1497 782 1579 firnilitudinis
798 1519 864 1579 aut
883 1499 1186 1581 dissirnilitudinis
1207 1502 1402 1586 neceffita·

386 1638 433 1699 te
457 1614 700 1716 conformes,
736 1634 801 1694 aut
824 1615 1042 1719 difformes,
1078 1619 1143 1697 seu
1166 1618 1272 1726 quod
1295 1618 1402 1699 idem

325 1755 328 1760 ’
396 1736 449 1815 est
464 1728 595 1812 habitu
620 1736 907 1832 convenientes,
936 1750 1000 1812 aut
1022 1732 1299 1838 discrepantes,
1325 1734 1400 1816 suis

393 1848 540 1932 includi
562 1839 761 1951 gendribus
785 1848 968 1952 specificis
992 1867 1031 1926 et
1053 1846 1224 1930 classibus
1247 1847 1399 1951 debent,

396 1993 476 2048 non
502 1963 679 2063 distrahi,
715 1981 780 2041 aut
809 1990 901 2076 curn
930 1961 1009 2045 aliis
1041 1962 1252 2057 confundi3
1290 1970 1400 2071 proin

398 2081 662 2200 quodcunque.
675 2079 830 2180 systema
846 2085 922 2159 iarn
945 2085 984 2160 in
999 2079 1235 2162 incunabulis
1261 2085 1402 2190 speeie·

293 2269 304 2296 ,
398 2226 488 2282 turn
518 2193 697 2276 dilacerat
726 2192 933 2299 habiturn,
985 2217 1139 2280 naturae
1173 2225 1252 2278 non
1274 2198 1402 2278 solum

329 2410 334 2418 Ι
399 2341 537 2397 vocem
551 2311 731 2413 suffocat,
759 2313 954 2395 sedetiam
972 2312 1142 2393 rationali
1157 2318 1303 2394 anianae
1319 2319 1401 2395 virn

397 2429 591 2512 iudicandi
605 2424 750 2508 auferre
769 2429 967 2533 contendit
983 2457 994 2520 3
1024 2448 1193 2510 nreretur
1208 2434 1264 2510 rei
1279 2430 1402 2534 digni·

399 2569 455 2629 tas
469 2574 537 2653 per
551 2542 658 2650 plura
674 2543 824 2624 deduci.

322 2761 327 2772 Ι
488 2664 626 2771 Ecquis
656 2662 708 2769 de
735 2657 958 2741 animalibus
988 2679 1250 2767 conceptum,
1293 2663 1403 2771 quod

399 2805 540 2890 pecora
561 2796 600 2858 et
622 2774 717 2857 feras
749 2781 946 2881 coniungit
969 2778 1142 2883 systema,
1181 2797 1313 2858 contra
1334 2777 1399 2859 ha-

373 2937 381 2951 -
398 2899 525 2980 bitum
541 2921 619 2974 non
635 2919 814 2998 peceare,
844 2911 882 2971 et
898 2912 1050 2973 naturae
1072 2920 1211 2976 vocern
1232 2920 1310 2974 non
1325 2892 1401 2975 suf.-

403 3017 617 3111 flarninare,
632 3007 742 3089 nobis
758 3014 873 3089 etiam
888 3010 1081 3091 iudicandi
1095 3016 1402 3117 potentiamnon

319 3197 322 3204 .
399 3126 547 3210 auterre
571 3125 722 3205 afferet?
752 3126 848 3204 duni
870 3128 967 3205 adeo
990 3148 1097 3207 certo
1117 3128 1267 3209 etseras
1293 3152 1314 3205 a
1337 3154 1403 3231 pe·

400 3242 554 3326 cotibus
574 3238 707 3320 habitu
725 3259 876 3342 natura,
905 3261 943 3318 et
966 3269 1036 3321 nos
1059 3249 1184 3346 primo
1210 3244 1333 3322 statim
1347 3246 1402 3321 in-

399 3367 530 3460 tuitu,
567 3384 615 3435 ex
644 3355 785 3435 eodeni
809 3357 1100 3460 distinguinrus3
1147 3376 1190 3437 ut
1219 3359 1402 3463 sapienter

401 3480 561 3559 omnino
584 3473 746 3551 edixerit
775 3473 1077 3553 LINNAEVS
1107 3472 1329 3575 „Habitus,
1359 3492 1403 3554 ut

398 3599 473 3703 „in
504 3585 811 3697 quadrupedibus
834 3588 1025 3692 distinguit
1056 3589 1149 3690 serm
1173 3589 1404 3694 unctoribus,

400 3711 606 3820 „quamvis
630 3708 761 3784 dentes
785 3730 863 3782 non
885 3708 1175 3810 inspicerentur,
1216 3704 1263 3785 fic
1286 3711 1403 3784 etiarn

387 3881 425 3934 -„
435 3832 473 3905 in
495 3822 629 3929 plantis
654 3825 762 3926 iaepe
784 3820 921 3901 harum
948 3822 1098 3901 ordines
1120 3820 1305 3903 naturales
1328 3825 1404 3926 pri-

402 3968 503 4049 „nro
519 3941 660 4021 intuitu
679 3934 919 4039 nranitestat„
950 3957 989 4016 et
1005 3938 1163 4039 addere,
1193 3936 1300 4046 quod
1323 3963 1403 4020 non

398 4054 503 4139 reete
520 4053 717 4156 ouriffurn,
748 4052 932 4133 debuiiiet
947 4115 972 4156 ,,
981 4058 1151 4162 quamvis
1168 4054 1320 4136 stamma
1335 4071 1405 4132 aut

403 4171 569 4286 „pitiilia
584 4197 661 4251 non
680 4173 959 4278 inspicerentur.
977 4230 1003 4271 „

408 4299 412 4307 '
1049 4303 1052 4310 '
1357 4290 1407 4365 Et
