3300 5159
615 470 1087 571 enarrarre.
1251 520 1363 577 xnrx

290 688 293 735 i
368 654 609 754 describendis
623 650 758 775 plantis
779 662 887 750 firiiie
916 665 1084 753 sexuales
1098 696 1196 779 pene
1211 697 1358 785 ornnes,

366 802 480 867 atnec
501 787 622 865 flores
643 786 798 891 superos
821 811 892 865 nec
913 782 1073 890 inferos,
1101 814 1180 869 non
1201 792 1354 877 infimae

356 899 697 1005 rirdistinguendio
719 895 892 1006 stirpibus
922 918 962 981 et
990 899 1128 984 harum
1155 906 1352 995 ordinibus
1395 942 1398 947 ·

353 1013 548 1118 utilitato,
584 1041 753 1126 unquam
783 1017 972 1119 viderint,
1008 1015 1133 1129 sicque
1164 1027 1350 1109 continuo

350 1157 496 1212 mancas
521 1132 695 1237 stirpium
716 1131 987 1237 descriptiones
1009 1134 1217 1239 posteritati
1239 1166 1348 1222 com-

347 1252 505 1327 mittant
568 1244 878 1328 Fruddiflorarum
894 1244 1023 1328 divifio
1036 1252 1210 1355 primaria
1233 1256 1286 1334 est
1307 1262 1347 1340 in

335 1359 628 1469 monopetalas‚
643 1378 682 1442 et
694 1358 942 1470 polypetalas:
971 1369 1116 1469 priores
1134 1372 1160 1445 Ι.
1175 1371 1215 1447 in
1229 1369 1346 1453 stella·

343 1496 400 1559 tas.
445 1486 491 1559 11.
508 1484 723 1587 Pericarpio
737 1476 855 1560 nullo
899 1485 960 1561 111.
982 1484 1192 1586 Pericarpio
1214 1489 1344 1590 capsu·
1437 1499 1440 1511 '

344 1592 413 1674 lari.
452 1601 710 1676 1V.Baccato.
746 1604 790 1679 V.
810 1600 1120 1709 Nucamentaceo
1135 1599 1341 1703 praeditas3

351 1711 565 1817 posteriores
581 1709 662 1794 fere
677 1708 726 1792 ad
738 1714 909 1818 priorem
924 1712 1088 1793 modurn
1101 1711 1216 1795 divisi.

417 1835 660 1938 Quanquam
675 1853 767 1910 vero
784 1827 881 1909 duae
907 1822 979 1908 hae
1001 1827 1225 1934 posteriores
1248 1827 1338 1913 clas·

337 1942 406 2046 ses,
437 1946 508 2025 sua
529 1970 609 2027 non
631 1940 791 2025 obscura
817 1941 999 2046 habeant,
1029 1940 1167 2054 quibus
1191 1970 1337 2052 cogno-

334 2060 510 2164 scantur,
549 2056 694 2141 elaffica
715 2057 843 2166 digna,
878 2059 1087 2139 tenendum
1117 2078 1245 2141 tamen
1269 2063 1333 2166 est,

334 2202 387 2258 eas
400 2175 562 2258 habitus
577 2174 737 2256 absoluti
752 2179 831 2258 vim
846 2201 923 2255 non
939 2175 1139 2280 poffidere,
1159 2201 1226 2283 per
1242 2203 1334 2258 con-

332 2292 489 2403 sequens
514 2319 594 2373 non
607 2291 710 2399 poffe
733 2292 904 2397 stirpem,
933 2319 981 2370 ex
1000 2288 1135 2372 habitu
1156 2290 1330 2375 absoluto
1436 2350 1439 2361 ·

333 2407 431 2490 alteri
455 2402 697 2492 inserendam
720 2403 840 2511 claffi,
874 2403 1044 2488 absolute
1066 2427 1273 2514 repetere,·
1290 2429 1329 2490 et

337 2520 387 2607 ibi
400 2526 622 2626 viudioare,
650 2543 694 2605 ut
710 2523 862 2606 evidens
886 2524 938 2603 est
959 2528 998 2602 in
1022 2519 1257 2627 umbellatis,
1286 2523 1329 2608 li-

333 2638 473 2745 liaceis‚
506 2662 547 2722 et
569 2639 646 2721 aliis
662 2634 830 2746 pluribus
853 2639 1040 2745 instantia,
1070 2644 1164 2750 quin
1184 2660 1222 2721 et
1245 2639 1325 2722 aliis

332 2757 603 2865 dignoscendas
623 2754 769 2838 facilius
783 2752 974 2856 clastibus,
1004 2774 1069 2835 aut
1095 2752 1323 2858 calycifloras

332 2895 386 2956 aut
402 2869 640 2959 frufflfloras
661 2875 809 2979 stirpes,
836 2868 908 2952 illis
925 2868 1042 2951 illatas
1065 2868 1209 2976 reliqui.
1300 2939 1302 2941 ,

402 3001 456 3074 Et
489 3017 595 3071 nunc
621 2987 846 3097 supereffent
877 2990 992 3067 etiam
1014 2984 1159 3097 aliquot
1188 3013 1323 3092 pauca-

333 3135 404 3193 rum
444 3109 621 3213 stirpium
660 3103 822 3206 classes,
859 3122 904 3185 ut
941 3100 1321 3210 caryophyllaearum,

333 3222 642 3335 asperifoliarunr‚¹
669 3219 967 3308 folliculosarunr
981 3239 1053 3299 etc.
1084 3245 1175 3299 cum
1189 3239 1318 3301 tamen

329 3368 380 3424 ae
394 3369 474 3425 nec
490 3343 576 3422 satis
591 3338 638 3422 ab
654 3336 831 3419 omnibus
848 3340 1013 3443 agnitae,
1042 3364 1112 3416 nec
1127 3334 1319 3418 distindiis·

320 3454 404 3542 sune
431 3458 614 3538 definitae
640 3451 735 3558 sint,
772 3453 851 3535 illas
875 3473 917 3535 ut
940 3453 1091 3533 ordines
1112 3449 1237 3533 solum
1263 3455 1317 3532 l'e-

323 3574 522 3684 quentibus
540 3570 710 3655 claffibus
725 3568 883 3653 inferam
951 3574 1034 3649 Hae
1050 3593 1140 3648 vero
1159 3563 1319 3648 residua-

321 3717 398 3772 rum
421 3693 597 3797 stirpium
621 3685 746 3774 claffes
767 3686 833 3766 etsi
855 3683 1063 3768 artificiales
1085 3681 1173 3786 fint,
1202 3683 1244 3771 id,
1264 3703 1318 3764 ta·

322 3833 403 3889 nen
426 3833 519 3914 prae
542 3800 795 3887 artificialibus
819 3802 898 3883 aliis
927 3800 1093 3908 habent,
1129 3798 1234 3910 quod
1258 3789 1337 3881 his¹

319 3923 497 4005 omnibus
528 3918 598 4002 fint
625 3920 740 4024 longe
765 3917 980 4019 feliciores,
1018 3935 1057 3994 et
1088 3912 1316 4017 naturalibus¹

313 4038 529 4120 condendis
547 4032 746 4143 generibus
769 4032 928 4131 mirifice
949 4029 1115 4135 faveant,
1142 4031 1239 4123 ‘dum
1263 4050 1319 4112 et-

318 4157 442 4237 iamin
468 4151 675 4236 inevitabili
701 4151 863 4233 artificio
889 4167 1061 4237 naturam
1086 4168 1317 4252 regenerent,

880 4265 908 4346 d
1247 4287 1317 4339 nec
