3300 5159
384 507 445 590 vt
665 493 1293 626 PRAEFAr1o'4'

236 702 240 722 ’
358 779 360 782 ¹
415 797 418 801 Ι
483 689 671 800 Equidem
694 689 720 769 fi
742 690 801 771 vel
824 696 862 770 in
888 717 967 771 uno
997 691 1087 769 dato
1110 658 1303 791 systemate
1324 717 1393 795 per

398 810 527 904 omniu
550 810 718 887 constans
742 826 781 885 et
803 825 928 885 certus
951 806 1013 885 hic
1030 824 1188 884 naturae
1218 807 1390 910 patuisset

397 941 532 1023 nutus,
560 920 666 1001 nullo
682 925 765 1001 sene
781 921 856 1000 alio
871 921 1031 1026 amplius
1048 948 1145 1025 opus
1159 917 1301 1023 fuisset,
1316 950 1391 1002 nec

396 1038 518 1115 nostru
537 1037 656 1117 aetate
672 1065 793 1116 uuum
816 1035 965 1117 alterius
988 1037 1142 1138 systema
1164 1037 1390 1142 deprimere,
1432 1108 1438 1138 p

395 1171 435 1230 et
451 1150 551 1231 aliud
568 1158 684 1258 priori
707 1180 785 1231 non
802 1159 926 1231 nunus
942 1171 1006 1231 aut
1021 1155 1294 1258 aequivocum,
1324 1175 1390 1233 aut

393 1266 571 1371 disfreilej·
595 1288 660 1348 eut
674 1288 806 1349 natura
821 1269 1043 1348 demnatum
1058 1264 1262 1348 obtrudere
1281 1272 1388 1349 'vide-

262 1418 266 1425 ·
392 1411 549 1486 remus,
587 1405 672 1466 utu
702 1381 1196 1485 TOVRNEFORTH,
1240 1387 1386 1488 Ruti,

389 1498 626 1603 temporibus
643 1501 690 1578 ud
713 1501 833 1578 nostru
859 1500 1068 1578 couslanter
1090 1499 1274 1591 vidimus3
1303 1508 1387 1581 Nec

270 1685 274 1690 .
390 1614 474 1693 serre
499 1621 629 1718 ingens
646 1621 700 1694 vir
729 1618 902 1693 RAIVS
932 1611 1099 1692 frudlum
1122 1612 1388 1726 derelinquere

278 1735 288 1754 ⁸
383 1728 532 1808 'neeesse
555 1728 758 1828 habuisse-t,
795 1749 839 1809 ut
862 1727 1046 1809 corollam
1068 1726 1288 1833 sedaretur,
1317 1754 1383 1812 aut

388 1873 479 1923 cum
502 1850 785 1925 'll-ermumtiono
808 1850 992 1925 Roianum
1023 1866 1070 1925 et·
1092 1844 1381 1927 Tournes'ortia-

385 1988 480 2039 num
505 1958 749 2041 combinasset
785 1963 1185 2065 BOERHAAVE,
1219 1985 1284 2047 out
1312 1991 1382 2042 no-

386 2105 478 2156 vum
502 2073 693 2156 formasset
722 2081 988 2179 RlVlNVS,
1018 2095 1082 2157 aut
1105 2078 1176 2157 alia
1198 2078 1382 2160 dedissent
1408 2172 1410 2181 Ι

385 2195 776 2294 MAGNOLIVS,
811 2196 1130 2295 muudum,
1167 2197 1380 2278 utonem

251 2333 255 2343 ·
382 2313 497 2387 nimiu
514 2307 599 2387 luce
618 2310 866 2389 constitutum
882 2308 944 2410 sit,
974 2313 1167 2389 neminem
1189 2286 1379 2415 bruttium,

383 2429 448 2533 qui
471 2424 511 2502 id
533 2442 751 2524 tentarunt,
786 2424 985 2532 hucusque
1008 2426 1092 2505 satis
1116 2423 1268 2529 secisse,
1306 2455 1379 2512 nec

381 2566 449 2645 per
465 2566 580 2619 unum
594 2536 893 2620 frudificutionis
908 2559 1054 2646 partem
1069 2539 1248 2646 explicari
1270 2563 1379 2626 nutu-

380 2682 460 2737 rum
477 2661 515 2736 iu
532 2652 801 2766 vegetabilibus
825 2654 889 2735 aut
905 2655 1028 2764 posse,
1059 2656 1246 2765 aut'velle.
1385 2648 1387 2652 ¹

285 2917 288 2924 ·
388 2935 391 2940 ·
469 2899 580 2995 Qum
596 2919 687 2972 eum
704 2895 754 2972 ita
770 2888 836 2970 fibi
854 2917 921 2997 per
935 2894 1065 2970 omnia
1087 2890 1276 2989 constent,
1305 2892 1377 2967 mi-

382 3014 453 3087 rari
476 3008 594 3110 subit,
624 3015 690 3118 qui
712 3007 981 3088 botanicorum
1003 3004 1189 3088 clarissimi
1214 3004 1377 3084 normul-

380 3119 425 3202 lis
451 3131 680 3227 argumentis
706 3122 841 3204 collide
871 3123 952 3225 usi,
987 3123 1377 3202 TOVRNEFOR-

379 3242 494 3339 Til,
531 3238 1017 3347 R1VINIquesystemata
1051 3235 1256 3340 explodere
1288 3235 1376 3341 oud,

380 3372 422 3432 ut
439 3356 501 3433 sua
517 3380 596 3433 non
614 3351 762 3457 longius
781 3354 958 3433 duratura
973 3351 1246 3434 substituerent.
1276 3360 1377 3437 Num

237 3493 241 3500 ·
284 3527 290 3533 -
376 3467 453 3549 etfi·
466 3466 567 3548 ultro
589 3497 660 3549 nee
683 3470 834 3574 largiar,
871 3489 910 3549 et
931 3469 991 3569 id,
1028 3468 1134 3575 quod
1157 3466 1210 3548 illi
1233 3466 1375 3572 sellari,

356 3586 578 3687 systematis
593 3583 907 3686 fundamentum,
936 3583 1003 3666 illo
1018 3589 1190 3689 priorum
1205 3586 1376 3669 constan-

375 3704 450 3779 tius
467 3701 688 3811 firmiusque
705 3702 776 3783 esse
798 3701 931 3811 (quod
956 3720 1085 3781 tamen
1106 3706 1263 3782 minime
1285 3729 1374 3809 pro·
1406 3689 1410 3708 ⁸

375 3812 508 3895 batum
523 3818 599 3919 ess)
615 3824 653 3896 iu
668 3819 708 3898 id
723 3817 901 3899 omnibus
918 3821 1032 3896 etiam
1055 3818 1264 3897 tacentibus
1280 3819 1374 3899 iussa

245 3975 248 3980 ·
333 3971 337 3977 ·
363 3933 520 4037 ¹semper
535 3933 658 4016 redire
674 3937 789 4019 debet
805 3936 1007 4038 systematis
1023 3938 1148 4013 omnis
1165 3932 1269 4013 alteri
1285 3933 1371 4014 sub-

373 4046 548 4128 stituendi
571 4052 798 4154 aestimatiO,
829 4070 871 4129 ut
893 4052 931 4130 se
953 4050 1076 4154 ipsum
1098 4048 1200 4129 illico
1223 4047 1372 4154 probet,

371 4184 410 4244 et
447 4164 519 4246 hae
551 4167 943 4277 quampraecedenti
971 4164 1161 4269 methodo
1199 4186 1372 4245 naturam

600 4301 603 4306 ’
973 4306 976 4313 ’
1247 4281 1371 4364 evolvi
