3300 5159
577 507 1044 589 Pnanna'noss
1192 522 1318 587 xxxx

323 699 525 797 montium,
542 708 731 773 terrarum
745 688 1032 793 cohaefionem,
1047 715 1232 802 aquarum
1245 697 1318 773 cin

323 821 476 914 ruitum,
495 805 769 915 vegetabilium
783 813 1083 912 vegetationem,
1097 807 1319 891 animalium

317 937 615 1028 incrementum,
652 925 943 1011 increscentium
973 927 1151 1003 omnium
1179 950 1319 1030 corpo-

318 1076 390 1128 rum
404 1043 658 1150 digestiones,
672 1038 733 1121 vel
746 1044 786 1121 in
800 1044 995 1147 propriam
1009 1041 1115 1120 suam
1129 1059 1319 1147 naturam,
1334 1106 1339 1117 ,

319 1155 467 1246 aliarum
499 1154 792 1240 substantiarum
822 1151 1112 1257 converhones,
1145 1160 1212 1236 uni
1238 1179 1319 1239 non

298 1279 301 1290 '
319 1270 522 1361 auscultare
538 1275 670 1354 causae
685 1270 809 1377 polle,
836 1298 906 1351 nec
920 1269 1039 1351 hodie
1055 1272 1152 1351 adeo
1167 1270 1320 1355 fatuum

318 1394 471 1503 amplius
488 1387 569 1470 elle
583 1386 685 1495 polle
699 1384 994 1494 philosophum,
1022 1393 1089 1497 qui
1103 1407 1168 1468 aut
1181 1413 1319 1492 vacuo,

321 1533 372 1593 aut
397 1510 574 1591 materia
599 1501 728 1586 subtili
756 1504 1040 1593 CARTESII
1071 1508 1200 1583 omnia
1229 1501 1321 1584 velit

327 1633 390 1732 regi
409 1624 659 1730 systematice
680 1638 727 1700 et
741 1616 1017 1709 cohaerentem
1057 1616 1320 1727 frudificatio-

331 1746 372 1823 nis
388 1748 516 1850 igitur
536 1734 684 1817 nullam
703 1754 837 1817 notam
856 1735 1107 1841 spernendam
1126 1734 1219 1838 elle,
1255 1734 1322 1817 sed

329 1885 395 1941 earn
417 1856 594 1939 deinum
609 1850 886 1955 allumendam,
918 1877 1014 1960 quae
1028 1856 1068 1931 in
1081 1852 1172 1933 dato
1187 1849 1322 1933 habitu

324 1977 554 2057 constantior
581 1966 651 2072 fit,
686 1986 731 2047 ut
764 1967 855 2050 inde
892 1966 1009 2050 claffis
1037 1965 1214 2055 naturalis
1241 1965 1330 2055 fon.

324 2097 408 2173 mari
430 2087 566 2200 possit.

399 2324 452 2407 ΙΙ.
481 2311 604 2403 Reda
619 2317 778 2408 omnino
794 2316 833 2400 in
847 2309 1085 2427 Philosophia
1100 2311 1240 2409 sexuali
1255 2322 1323 2404 sta·
1413 2360 1418 2369 ·

327 2444 375 2524 tui
393 2445 578 2551 primum
605 2456 646 2517 et
666 2432 849 2518 ultimum
877 2443 916 2517 in
940 2430 1117 2520 botanica
1138 2437 1321 2520 desidera-

330 2576 424 2663 tum,
457 2553 696 2636 methodum
721 2550 932 2634 naturalem
959 2553 1051 2659 elle,
1080 2558 1145 2638 seu
1167 2556 1321 2637 metho-

336 2673 416 2756 dun
448 2669 666 2789 muralem
695 2668 875 2751 ultimum
905 2669 1037 2754 haberi
1059 2670 1253 2753 botaniees
1279 2673 1324 2753 fi-

333 2817 430 2896 nem,
463 2788 547 2869 hoc
561 2812 653 2868 vero
674 2775 722 2867 ab
737 2814 780 2867 ea
798 2791 930 2898 inique
952 2788 1103 2892 affumi,
1131 2816 1180 2872 eo
1202 2816 1326 2898 usque

335 2906 527 3014 ingenioso
543 2904 918 2985 circumveniendam
933 2905 1093 2983 artificio
1106 2903 1340 3005 botanicum

337 3048 487 3104 omnem
511 3017 744 3100 methodum
773 3016 867 3124 elle,
896 3020 1021 3103 donec
1041 3042 1175 3103 omnes
1199 3021 1326 3106 clalles
1423 3124 1427 3129 Ι

338 3136 517 3221 naturales
539 3129 710 3226 detedae
731 3132 828 3228 hnt3
863 3137 903 3217 id
926 3138 1082 3248 quidem
1109 3168 1180 3220 nec
1206 3137 1328 3246 physi-

344 3280 416 3337 cum
430 3283 509 3336 nec
523 3250 644 3334 videri
655 3248 984 3360 philolophicum,
1012 3283 1083 3338 nee
1098 3255 1225 3338 vulvas
1241 3286 1327 3339 um-

343 3365 465 3455 bellam
481 3368 630 3471 facere,
658 3388 723 3451 aut
746 3370 843 3450 hanc
866 3369 1038 3454 membra
1052 3371 1169 3455 virilia
1191 3375 1328 3454 consti-

339 3505 456 3581 tuere3
486 3492 528 3568 in
550 3490 786 3590 graminum,
815 3484 1017 3571 aliarumve
1033 3517 1054 3570 a
1071 3510 1201 3569 natura
1222 3494 1328 3595 inge-

339 3626 506 3687 neratum
527 3600 753 3683 habentium
775 3602 1048 3709 charaderem,
1071 3605 1239 3687 clallium
1262 3607 1329 3686 de-

339 3724 615 3822 nominatione,
645 3717 694 3797 de
709 3718 767 3799 his
782 3748 978 3830 nunquam
993 3727 1140 3832 quaeri,
1170 3742 1208 3801 et
1224 3727 1328 3806 inve-

278 3912 280 3921 .
340 3840 452 3920 niatur
473 3835 597 3919 hodie
620 3861 775 3939 gramen
797 3830 1014 3918 staminibus
1034 3863 1081 3943 4,
1098 3866 1141 3942 5,
1155 3844 1203 3942 6,
1218 3866 1263 3946 7,
1278 3853 1326 3945 8,

319 3978 321 3989 ·
340 3975 371 4031 et
389 3952 563 4059 pluribus
587 3947 613 4029 fi
634 3946 724 4032 velis
746 3949 994 4058 instrudlum,
1023 3982 1071 4036 an
1092 3962 1217 4036 minus
1238 3954 1330 4037 effet

340 4067 517 4172 grainan?
562 4070 725 4176 aequior
761 4059 1001 4177 Philolophia
1040 4068 1216 4152 botanica
1255 4074 1329 4177 est,

340 4210 444 4296 quam
458 4206 505 4279 ut
526 4209 666 4290 negare
687 4184 810 4289 poffit.
867 4191 1005 4300 Ecquis
1028 4215 1143 4300 quam
1164 4187 1227 4271 illa
1248 4217 1330 4301 mea

793 4344 795 4349 ·
1261 4305 1333 4392 lius
